@article{bibex,
  Title                    = {Cómo escribir TFG},
  Journal                  = {IEEE Informática},
  Author                   = {Autores},
  Url                      = {http://una.url},
  Year                     = {3081},
}

@manual{Oetiker2007,
  author = {Oetiker, Tobias and Partl, Hubert and Hyna, Irene and Schlegl, Elisabeth},
  keywords = {documentation latex reference typesetting},
  month = {June},
  note = {Version 4.22},
  title = {The Not So Short Introduction to LaTeX},
  url = {http://tobi.oetiker.ch/lshort/lshort.pdf},
  year = 2007
}

@Article{mitchell,
  title={Social networks},
  author={Mitchell, J Clyde},
  journal={Annual review of anthropology},
  volume={3},
  number={1},
  pages={279--299},
  year={1974},
  publisher={Annual Reviews 4139 El Camino Way, PO Box 10139, Palo Alto, CA 94303-0139, USA}
}

@inproceedings{fortune,
  title={Efficient exact arithmetic for computational geometry},
  author={Fortune, Steven and Van Wyk, Christopher J},
  booktitle={Proceedings of the Ninth Annual Symposium on Computational Geometry},
  pages={163--172},
  year={1993}
}

@Article{fortuneB,
  title={Voronoi diagrams and Delaunay triangulations},
  author={Fortune, Steven},
  journal={Computing in Euclidean geometry},
  pages={225--265},
  year={1995},
  publisher={World Scientific}
}

@Book{giaquinta,
  title={Calculus of variations II},
  author={Giaquinta, Mariano and Hildebrandt, Stefan},
  volume={311},
  year={2013},
  publisher={Springer Science and Business Media}
}

@Book{morrey,
  title={Multiple integrals in the calculus of variations},
  author={Morrey Jr, Charles Bradfield},
  year={2009},
  publisher={Springer Science and Business Media}
}

@Comment{jabref-meta: databaseType:bibtex;}

@Book{CI_Paul_Duvall,
  title={Continuous Integration Improving Software Quality and Reducing Risk},
  author={Paul M. Duvall, Steve Matyas, Andrew Glover},
  year={2007},
  publisher={The Addison Wesley Signature Series}
}

@manual{jenkins,
  author = {},
  keywords = {jenkins},
  month = {},
  note = {},
  title = {Jenkins},
  url = {https://www.jenkins.io/doc/book/pipeline/jenkinsfile/},
  year = {}
}

@manual{travisCI,
  author = {},
  keywords = {travis},
  month = {},
  note = {},
  title = {Travis},
  url = {https://docs.travis-ci.com/user/tutorial/},
  year = {}
}

@manual{circleCI,
  author = {},
  keywords = {circleci},
  month = {},
  note = {},
  title = {Circle CI},
  url = {https://circleci.com/docs/2.0/about-circleci/?section=getting-started},
  year = {}
}

@manual{githubActions,
  author = {},
  keywords = {github actions},
  month = {},
  note = {},
  title = {GitHub Actions},
  url = {https://docs.github.com/es/actions},
  year = {}
}

@manual{azurePipelines,
  author = {},
  keywords = {azure pipelines},
  month = {},
  note = {},
  title = {Azure Pipelines},
  url = {https://docs.microsoft.com/es-es/azure/devops/pipelines/get-started/pipelines-get-started?view=azure-devops},
  year = {}
}

@manual{bamboo,
  author = {},
  keywords = {bamboo},
  month = {},
  note = {},
  title = {Bamboo},
  url = {https://confluence.atlassian.com/bamboo/bamboo-yaml-specs-938844479.html},
  year = {}
}

@manual{concourse,
  author = {},
  keywords = {concourse},
  month = {},
  note = {},
  title = {Concourse},
  url = {https://concourse-ci.org/docs.html},
  year = {}
}

@manual{gitlabCI,
  author = {},
  keywords = {gitlabci},
  month = {},
  note = {},
  title = {Gitlab CI},
  url = {https://docs.gitlab.com/ee/ci/pipelines/index.html},
  year = {}
}

@manual{codeship,
  author = {},
  keywords = {codeship},
  month = {},
  note = {},
  title = {Codeship},
  url = {https://www.cloudbees.com/products/codeship},
  year = {}
}

@manual{teamcity,
  author = {},
  keywords = {team city},
  month = {},
  note = {},
  title = {TeamCity},
  url = {https://www.jetbrains.com/help/teamcity/create-pipeline.html},
  year = {}
}

@manual{semaphoreCI,
  author = {},
  keywords = {semaphore},
  month = {},
  note = {},
  title = {Semaphore CI},
  url = {https://docs.semaphoreci.com/guided-tour/getting-started/},
  year = {}
}

@manual{bazel,
  author = {},
  keywords = {bazel},
  month = {},
  note = {},
  title = {Bazel},
  url = {https://docs.bazel.build/versions/4.2.1/guide.html},
  year = {}
}

@article{jenkins_teamcity,
  Title                    = {Jenkins vs. TeamCity},
  Journal                  = {},
  Author                   = {},
  Url                      = {https://geekflare.com/es/jenkins-vs-teamcity/},
  Year                     = {},
}

@article{devOps,
  Title                    = {Get started with DevOps: principles, best practices and tips},
  Journal                  = {},
  Author                   = {Brittney Parker},
  Url                      = {https://www.getxray.app/blog/get-started-with-devops-principles-best-practices-and-tips?utm_term=&utm_campaign=DSA+Search+-+Xray+WW+-+Blog+Posts&utm_source=adwords&utm_medium=ppc&hsa_acc=9970092548&hsa_cam=13952027914&hsa_grp=121805042541&hsa_ad=535121461810&hsa_src=g&hsa_tgt=dsa-1392437111908&hsa_kw=&hsa_mt=&hsa_net=adwords&hsa_ver=3&gclid=Cj0KCQjwvLOTBhCJARIsACVldV3nzB5JgVQoU4YAojRPD2X5IjitxW3Rq5FyDrsU_qPBfhEokAMKL04aAjHrEALw_wcB},
  Year                     = {2021},
}

@article{redHatDevOps,
  Title                    = {El concepto de DevOps},
  Journal                  = {},
  Author                   = {RedHat},
  Url                      = {https://www.redhat.com/es/topics/devops},
  Year                     = {2018},
}

@article{redHatCICD,
  Title                    = {¿Qué son la integración y la distribución continuas (CI/CD)?},
  Journal                  = {},
  Author                   = {RedHat},
  Url                      = {https://www.redhat.com/es/topics/devops/what-is-ci-cd},
  Year                     = {2018},
}

@article{netAppDevOps,
  Title                    = {¿Qué es DevOps?},
  Journal                  = {},
  Author                   = {NetApp},
  Url                      = {https://www.netapp.com/es/devops-solutions/what-is-devops/},
  Year                     = {},
}
